<?xml version="1.0" encoding="UTF-8"?>
<collection xmlns="http://www.loc.gov/MARC21/slim" xmlns:xsi="http://www.w3.org/2001/XMLSchema-instance" xsi:schemaLocation="http://www.loc.gov/standards/marcxml/schema/MARC21slim.xsd">
  <record xmlns="http://www.loc.gov/MARC21/slim">
    <leader>00000cam a2200000Mi 4500</leader>
    <controlfield tag="001">ocn258752341</controlfield>
    <controlfield tag="003">OCoLC</controlfield>
    <controlfield tag="005">20161123072347.6</controlfield>
    <controlfield tag="008">950101s1958    gw            000 0 ger d</controlfield>
    <datafield tag="040" ind1=" " ind2=" ">
      <subfield code="a">GyGoGBV</subfield>
      <subfield code="e">rakwb</subfield>
      <subfield code="b">ger</subfield>
      <subfield code="c">GBVCP</subfield>
      <subfield code="d">DEBBG</subfield>
    </datafield>
    <datafield tag="015" ind1=" " ind2=" ">
      <subfield code="a">DDB450533360</subfield>
    </datafield>
    <datafield tag="016" ind1="7" ind2=" ">
      <subfield code="a">450533360</subfield>
      <subfield code="2">de-101</subfield>
    </datafield>
    <datafield tag="024" ind1="8" ind2=" ">
      <subfield code="a">stbh00244107</subfield>
    </datafield>
    <datafield tag="024" ind1="8" ind2=" ">
      <subfield code="a">sthanT00242824</subfield>
    </datafield>
    <datafield tag="029" ind1="1" ind2=" ">
      <subfield code="a">DEBBG</subfield>
      <subfield code="b">BV005793159</subfield>
    </datafield>
    <datafield tag="029" ind1="1" ind2=" ">
      <subfield code="a">GBVCP</subfield>
      <subfield code="b">175518823</subfield>
    </datafield>
    <datafield tag="035" ind1=" " ind2=" ">
      <subfield code="a">(OCoLC)258752341</subfield>
    </datafield>
    <datafield tag="084" ind1=" " ind2=" ">
      <subfield code="a">20.31 ; Bildende Künstler</subfield>
      <subfield code="2">bcc</subfield>
    </datafield>
    <datafield tag="084" ind1=" " ind2=" ">
      <subfield code="a">ERD 367</subfield>
      <subfield code="2">SfB</subfield>
    </datafield>
    <datafield tag="084" ind1=" " ind2=" ">
      <subfield code="a">AP 95540</subfield>
      <subfield code="2">rvk</subfield>
    </datafield>
    <datafield tag="084" ind1=" " ind2=" ">
      <subfield code="a">RD 45013</subfield>
      <subfield code="2">rvk</subfield>
    </datafield>
    <datafield tag="084" ind1=" " ind2=" ">
      <subfield code="a">20.31</subfield>
      <subfield code="2">bcl</subfield>
    </datafield>
    <datafield tag="084" ind1=" " ind2=" ">
      <subfield code="a">ERD 367</subfield>
      <subfield code="2">sfb</subfield>
    </datafield>
    <datafield tag="049" ind1=" " ind2=" ">
      <subfield code="a">MAIN</subfield>
    </datafield>
    <datafield tag="100" ind1="1" ind2=" ">
      <subfield code="a">Böll, Heinrich.</subfield>
    </datafield>
    <datafield tag="245" ind1="1" ind2="0">
      <subfield code="a">Im Ruhrgebiet /</subfield>
      <subfield code="c">[Bildteil:] Chargesheimer ; [Text:] Böll.</subfield>
    </datafield>
    <datafield tag="250" ind1=" " ind2=" ">
      <subfield code="a">[1. - 16. Tsd.]</subfield>
    </datafield>
    <datafield tag="260" ind1=" " ind2=" ">
      <subfield code="a">Köln ;Berlin :</subfield>
      <subfield code="b">Kiepenheuer &amp; Witsch,</subfield>
      <subfield code="c">1958.</subfield>
    </datafield>
    <datafield tag="300" ind1=" " ind2=" ">
      <subfield code="a">28, 121 S :</subfield>
      <subfield code="b">88 Bl. Abb., 1 Falttaf ;</subfield>
      <subfield code="c">4.</subfield>
    </datafield>
    <datafield tag="590" ind1=" " ind2=" ">
      <subfield code="b">HBZ Sundv</subfield>
    </datafield>
    <datafield tag="590" ind1=" " ind2=" ">
      <subfield code="a">OCLC</subfield>
      <subfield code="b">WorldCat Holdings</subfield>
    </datafield>
    <datafield tag="600" ind1="0" ind2="7">
      <subfield code="a">Chargesheimer,</subfield>
      <subfield code="d">1924-1971.</subfield>
      <subfield code="0">(DE-588)118520148</subfield>
      <subfield code="2">gnd</subfield>
    </datafield>
    <datafield tag="650" ind1="0" ind2="7">
      <subfield code="a">Bildband.</subfield>
      <subfield code="2">swd</subfield>
    </datafield>
    <datafield tag="651" ind1=" " ind2="7">
      <subfield code="a">Ruhrgebiet.</subfield>
      <subfield code="2">swd</subfield>
    </datafield>
    <datafield tag="650" ind1="0" ind2="7">
      <subfield code="a">Bildband.</subfield>
      <subfield code="0">(DE-588)4145395-5</subfield>
      <subfield code="2">gnd</subfield>
    </datafield>
    <datafield tag="650" ind1="0" ind2="7">
      <subfield code="a">Ruhrgebiet (Motiv)</subfield>
      <subfield code="0">(DE-588)4245715-4</subfield>
      <subfield code="2">gnd</subfield>
    </datafield>
    <datafield tag="651" ind1=" " ind2="7">
      <subfield code="a">Ruhrgebiet.</subfield>
      <subfield code="0">(DE-588)4050926-6</subfield>
      <subfield code="2">gnd</subfield>
    </datafield>
    <datafield tag="653" ind1=" " ind2="0">
      <subfield code="a">Bildband</subfield>
    </datafield>
    <datafield tag="653" ind1=" " ind2="0">
      <subfield code="a">Chargesheimer ; SWD-ID: 40097754</subfield>
    </datafield>
    <datafield tag="653" ind1=" " ind2="0">
      <subfield code="a">Photographie ; SWD-ID: 40458957</subfield>
    </datafield>
    <datafield tag="653" ind1=" " ind2="0">
      <subfield code="a">Ruhrgebiet ; SWD-ID: 40509266</subfield>
    </datafield>
    <datafield tag="700" ind1="0" ind2=" ">
      <subfield code="a">Chargesheimer.</subfield>
    </datafield>
    <datafield tag="994" ind1=" " ind2=" ">
      <subfield code="a">92</subfield>
      <subfield code="b">SUNDV</subfield>
    </datafield>
  </record>