
  <record xmlns="http://www.loc.gov/MARC21/slim">
    <leader>00000nam a2200000Mc 4500</leader>
    <controlfield tag="001">ocn961280447</controlfield>
    <controlfield tag="003">OCoLC</controlfield>
    <controlfield tag="005">20161123073043.8</controlfield>
    <controlfield tag="007">ta</controlfield>
    <controlfield tag="008">121026s2012uuuugw a          000 0 ger d</controlfield>
    <datafield tag="040" ind1=" " ind2=" ">
      <subfield code="a">SUNDV</subfield>
      <subfield code="b">ger</subfield>
      <subfield code="c">SUNDV</subfield>
    </datafield>
    <datafield tag="020" ind1=" " ind2=" ">
      <subfield code="a">9783863351793</subfield>
    </datafield>
    <datafield tag="020" ind1=" " ind2=" ">
      <subfield code="a">3863351797</subfield>
    </datafield>
    <datafield tag="029" ind1="|" ind2=" ">
      <subfield code="a">(SUNDV)262750</subfield>
    </datafield>
    <datafield tag="029" ind1="|" ind2=" ">
      <subfield code="a">(DEHBZ)HT017370167</subfield>
    </datafield>
    <datafield tag="035" ind1=" " ind2=" ">
      <subfield code="a">(OCoLC)961280447</subfield>
    </datafield>
    <datafield tag="084" ind1=" " ind2=" ">
      <subfield code="a">20</subfield>
    </datafield>
    <datafield tag="084" ind1=" " ind2=" ">
      <subfield code="a">102000</subfield>
    </datafield>
    <datafield tag="049" ind1=" " ind2=" ">
      <subfield code="a">MAIN</subfield>
    </datafield>
    <datafield tag="245" ind1="0" ind2="0">
      <subfield code="a">Der Rauch verbindet die Städte nicht mehr</subfield>
      <subfield code="c">Andreas Rossmann. Mit Photographien von Barbara Klemm</subfield>
    </datafield>
    <datafield tag="260" ind1=" " ind2=" ">
      <subfield code="a">Köln</subfield>
      <subfield code="b">König</subfield>
    </datafield>
    <datafield tag="300" ind1=" " ind2=" ">
      <subfield code="a">264 S. :</subfield>
      <subfield code="b">zahlr. Ill.</subfield>
    </datafield>
    <datafield tag="590" ind1=" " ind2=" ">
      <subfield code="b">HBZ Sundv</subfield>
    </datafield>
    <datafield tag="590" ind1=" " ind2=" ">
      <subfield code="a">OCLC</subfield>
      <subfield code="b">WorldCat Holdings</subfield>
    </datafield>
    <datafield tag="650" ind1="0" ind2="7">
      <subfield code="a">Kultur</subfield>
      <subfield code="2">swd</subfield>
    </datafield>
    <datafield tag="650" ind1="0" ind2="7">
      <subfield code="a">Kunst</subfield>
      <subfield code="2">swd</subfield>
    </datafield>
    <datafield tag="650" ind1="0" ind2="7">
      <subfield code="a">Architektur</subfield>
      <subfield code="2">swd</subfield>
    </datafield>
    <datafield tag="650" ind1="0" ind2="7">
      <subfield code="a">Civilization</subfield>
      <subfield code="a">Art</subfield>
      <subfield code="a">Architecture</subfield>
      <subfield code="2">swd</subfield>
    </datafield>
    <datafield tag="650" ind1="0" ind2="4">
      <subfield code="a">Civilisation</subfield>
      <subfield code="a">Art</subfield>
      <subfield code="a">Architecture</subfield>
    </datafield>
    <datafield tag="650" ind1="0" ind2="4">
      <subfield code="a">Culture</subfield>
    </datafield>
    <datafield tag="651" ind1=" " ind2="7">
      <subfield code="a">Ruhrgebiet</subfield>
      <subfield code="2">swd</subfield>
    </datafield>
    <datafield tag="655" ind1=" " ind2="7">
      <subfield code="a">Aufsatzsammlung</subfield>
      <subfield code="2">swd</subfield>
    </datafield>
    <datafield tag="700" ind1="1" ind2=" ">
      <subfield code="a">Rossmann, Andreas</subfield>
    </datafield>
    <datafield tag="700" ind1="1" ind2=" ">
      <subfield code="a">Klemm, Barbara</subfield>
    </datafield>
    <datafield tag="856" ind1="4" ind2="2">
      <subfield code="3">Inhaltstext</subfield>
      <subfield code="m">X:MVB</subfield>
      <subfield code="q">text/html</subfield>
      <subfield code="u">http://deposit.d-nb.de/cgi-bin/dokserv?id=4101741&amp;prov=M&amp;dok_var=1&amp;dok_ext=htm</subfield>
    </datafield>
    <datafield tag="856" ind1="4" ind2="2">
      <subfield code="3">Inhaltsverzeichnis</subfield>
      <subfield code="m">B:DE-101</subfield>
      <subfield code="q">application/pdf</subfield>
      <subfield code="u">http://digitool.hbz-nrw.de:1801/webclient/DeliveryManager?pid=4678265&amp;custom_att_2=simple_viewer</subfield>
    </datafield>
    <datafield tag="856" ind1="4" ind2="1">
      <subfield code="u">http://digitool.hbz-nrw.de:1801/webclient/DeliveryManager?pid=4678266&amp;custom_att_2=simple_viewer</subfield>
      <subfield code="x">Zusätzliche Angaben</subfield>
      <subfield code="y">Der Rauch verbindet die Städte nicht mehr</subfield>
    </datafield>
    <datafield tag="994" ind1=" " ind2=" ">
      <subfield code="a">92</subfield>
      <subfield code="b">SUNDV</subfield>
    </datafield>
  </record>